@techreport{Uhlir03,
author = "K. Uhlir",
year = "2003",
month = "febrero",
institution = "Department of Computer Science and Engineering from University of West Bohemia in Pilsen",
title = "Modeling methods with implicitly defined objects",
number = "DCSE/TR-2003-04",
address = "Univerzitni 8, 30614 Pilse, Czech Republic"
}

@inbook{Hart01,
author = "J. C. Hart",
year = "2001",
month = "mayo",
chapter = "Ray Tracing Implicit Surfaces",
title = "Siggraph 93 Course Notes: Design, Visualization and Animation of Implicit Surfaces",
publisher = "Washington State University",
address = "Pullman, WA 99164-2752"
}

@inbook{Hartmann03,
	author= {E. Hartmann},
	title="Triangulation of Implicit Surfaces",
	bookTitle="Geometry and Algorithms for Computer Aided Design",
	month = {octubre},	
	year = {2003},
	publisher = {Technische Hochschule Darmstadt},
	address={Darmstadt, Alemania},
	pages={81 - 92},
	isbn={},
	doi={},
	url={},
}

@article{Hartmann98,
  title={A marching method for the triangulation of surfaces},
  author={E. Hartmann},
  journal={The Visual Computer},
  year={1998},
  volume={14},
  pages={95-108},
  doi = {10.1007/s003710050126},
  url = {https://doi.org/10.1007/s003710050126},
}

@phdthesis{Florez08,
	title = {Improvements in the ray tracing of implicit surfaces based on interval arithmetic},
	author = {J. Florez},
	school = {Department d'Electrònica, Informàtica i Automàtica de la Universitat de Girona},
	year = {2008},
	address = {Gerona, España},
	url = {https://www.tdx.cat/handle/10803/7885}
}