@techreport{Uhlir03,
author = "K. Uhlir",
year = "2003",
month = "febrero",
institution = "Department of Computer Science and Engineering from University of West Bohemia in Pilsen",
title = "Modeling methods with implicitly defined objects",
number = "DCSE/TR-2003-04",
address = "Univerzitni 8, 30614 Pilse, Czech Republic"
}

@inbook{Hart01,
author = "J. C. Hart",
year = "2001",
month = "mayo",
chapter = "Ray Tracing Implicit Surfaces",
title = "Siggraph 93 Course Notes: Design, Visualization and Animation of Implicit Surfaces",
publisher = "Washington State University",
address = "Pullman, WA 99164-2752"
}

@article{Ricci73,
author = "A. Ricci",
title = {A constructive geometry for computer graphics},
journal = {The Computer Journal},
volume = {16},
number = {2},
pages = {157-160},
year = {1973},
month = "mayo",
doi = {10.1093/comjnl/16.2.157},
URL = { + http://dx.doi.org/10.1093/comjnl/16.2.157},
eprint = {/oup/backfile/content_public/journal/comjnl/16/2/10.1093/comjnl/16.2.157/2/160157.pdf}
}

@article{Blinn82,
author = "J. F. Blinn",
title = "A generalization of algebraic surface drawing",
journal = "ACM Transactions on Graphics",
volume = "1",
number = "3",
pages = "235-236",
year = "1982",
month = "julio",
doi = {10.1145/357306.357310},
URL = { + https://dl.acm.org/citation.cfm?doid=357306.357310},
}

@article{Hoffmann93,
  title={Implicit curves and surfaces in CAGD},
  author={C. M. Hoffmann},
  journal={IEEE Computer Graphics and Applications},
  year={1993},
  month = "enero",
  volume={13},
  pages={79-88},
  doi = {10.1109/38.180121},
  URL = { + https://doi.org/10.1109/38.180121}
}


@article{Gallo95,
author = {G. Gallo and others},
year = {1995},
month = {08},
pages = {},
title = {Wu-Ritt Characteristic Sets and Their Complexity}
}

@phdthesis{Berchtold00,
	title = {The Bernstein Basis in Set-Theoretic Gaometric Modelling},
	author = {J. Berchtold},
	school = {Department of Mechanical Engineering from University of Bath},
	year = {2000}
}

@inbook{Gallo91,
	author= {G. Gallo and others},
	editor="T. Mora and C. Traverso",
	title="Efficient Algorithms and Bounds for Wu-Ritt Characteristic Sets",
	bookTitle="Effective Methods in Algebraic Geometry",
	year = {1991},
	publisher = {Birkh√§user Boston},
	address={Boston, Massachusetts},
	pages={119--142},
	isbn={978-1-4612-0441-1},
	doi={10.1007/978-1-4612-0441-1_8},
	url={https://doi.org/10.1007/978-1-4612-0441-1_8}
}

@MISC{Wikipedia:Torus,
    author = {Wikipedia},
    title = {Torus.svg},
    year = {2015},
    note = {[Online; acceso el 9 de abril de 2018]},
    url = { + https://en.wikipedia.org/wiki/File:Torus.svg}
}
